%YAML 1.1
%TAG !u! tag:unity3d.com,2011:
--- !u!1 &1695336051986504538
GameObject:
  m_ObjectHideFlags: 0
  m_CorrespondingSourceObject: {fileID: 0}
  m_PrefabInstance: {fileID: 0}
  m_PrefabAsset: {fileID: 0}
  serializedVersion: 6
  m_Component:
  - component: {fileID: 251883647264245784}
  - component: {fileID: 1737205858303858836}
  - component: {fileID: 5769166754120931850}
  - component: {fileID: 8313276424202813275}
  - component: {fileID: -5621399179191394746}
  - component: {fileID: 2483130748680028016}
  m_Layer: 0
  m_Name: GhostNet3
  m_TagString: GhostNet
  m_Icon: {fileID: 0}
  m_NavMeshLayer: 0
  m_StaticEditorFlags: 0
  m_IsActive: 1
--- !u!4 &251883647264245784
Transform:
  m_ObjectHideFlags: 0
  m_CorrespondingSourceObject: {fileID: 0}
  m_PrefabInstance: {fileID: 0}
  m_PrefabAsset: {fileID: 0}
  m_GameObject: {fileID: 1695336051986504538}
  m_LocalRotation: {x: 0, y: 0, z: 0, w: 1}
  m_LocalPosition: {x: 0, y: 0, z: 0}
  m_LocalScale: {x: 1, y: 1, z: 1}
  m_Children:
  - {fileID: 3034708462867500744}
  - {fileID: 8543974002028792620}
  m_Father: {fileID: 0}
  m_RootOrder: 0
  m_LocalEulerAnglesHint: {x: 0, y: 0, z: 0}
--- !u!212 &1737205858303858836
SpriteRenderer:
  m_ObjectHideFlags: 0
  m_CorrespondingSourceObject: {fileID: 0}
  m_PrefabInstance: {fileID: 0}
  m_PrefabAsset: {fileID: 0}
  m_GameObject: {fileID: 1695336051986504538}
  m_Enabled: 1
  m_CastShadows: 0
  m_ReceiveShadows: 0
  m_DynamicOccludee: 1
  m_MotionVectors: 1
  m_LightProbeUsage: 1
  m_ReflectionProbeUsage: 1
  m_RayTracingMode: 0
  m_RayTraceProcedural: 0
  m_RenderingLayerMask: 1
  m_RendererPriority: 0
  m_Materials:
  - {fileID: 2100000, guid: a97c105638bdf8b4a8650670310a4cd3, type: 2}
  m_StaticBatchInfo:
    firstSubMesh: 0
    subMeshCount: 0
  m_StaticBatchRoot: {fileID: 0}
  m_ProbeAnchor: {fileID: 0}
  m_LightProbeVolumeOverride: {fileID: 0}
  m_ScaleInLightmap: 1
  m_ReceiveGI: 1
  m_PreserveUVs: 0
  m_IgnoreNormalsForChartDetection: 0
  m_ImportantGI: 0
  m_StitchLightmapSeams: 1
  m_SelectedEditorRenderState: 0
  m_MinimumChartSize: 4
  m_AutoUVMaxDistance: 0.5
  m_AutoUVMaxAngle: 89
  m_LightmapParameters: {fileID: 0}
  m_SortingLayerID: -769358403
  m_SortingLayer: 1
  m_SortingOrder: -1
  m_Sprite: {fileID: 1567308001160740151, guid: 7f0e7536abe7fd24ebd0993e41bd65e3, type: 3}
  m_Color: {r: 1, g: 1, b: 1, a: 1}
  m_FlipX: 0
  m_FlipY: 0
  m_DrawMode: 0
  m_Size: {x: 1, y: 1}
  m_AdaptiveModeThreshold: 0.5
  m_SpriteTileMode: 0
  m_WasSpriteAssigned: 1
  m_MaskInteraction: 0
  m_SpriteSortPoint: 0
--- !u!95 &5769166754120931850
Animator:
  serializedVersion: 3
  m_ObjectHideFlags: 0
  m_CorrespondingSourceObject: {fileID: 0}
  m_PrefabInstance: {fileID: 0}
  m_PrefabAsset: {fileID: 0}
  m_GameObject: {fileID: 1695336051986504538}
  m_Enabled: 1
  m_Avatar: {fileID: 0}
  m_Controller: {fileID: 9100000, guid: fe78bc4849cf8444888f9a9b3f9cf979, type: 2}
  m_CullingMode: 0
  m_UpdateMode: 0
  m_ApplyRootMotion: 0
  m_LinearVelocityBlending: 0
  m_WarningMessage: 
  m_HasTransformHierarchy: 1
  m_AllowConstantClipSamplingOptimization: 1
  m_KeepAnimatorControllerStateOnDisable: 0
--- !u!114 &8313276424202813275
MonoBehaviour:
  m_ObjectHideFlags: 0
  m_CorrespondingSourceObject: {fileID: 0}
  m_PrefabInstance: {fileID: 0}
  m_PrefabAsset: {fileID: 0}
  m_GameObject: {fileID: 1695336051986504538}
  m_Enabled: 1
  m_EditorHideFlags: 0
  m_Script: {fileID: 11500000, guid: fe93181b62229d647be76403a10c01f5, type: 3}
  m_Name: 
  m_EditorClassIdentifier: 
  isTouching: 0
  onCooldown: 0
  chanceOfGettingStuck: 3
  canGetYouStuck: 1
  eIcon: {fileID: 6364015998478457354}
  nearSharkScript: {fileID: 0}
  distanceBeforeSharkHide: 20
  cooldownForSharkBeforeHide: 10
  gotStuck: 0
  sharkStartingPoint: {x: 0, y: 0, z: 0}
  audioSource: {fileID: 2483130748680028016}
  cuttingSFX: {fileID: 8300000, guid: 6e263296d077e1946888f713e93ca089, type: 3}
--- !u!60 &-5621399179191394746
PolygonCollider2D:
  m_ObjectHideFlags: 0
  m_CorrespondingSourceObject: {fileID: 0}
  m_PrefabInstance: {fileID: 0}
  m_PrefabAsset: {fileID: 0}
  m_GameObject: {fileID: 1695336051986504538}
  m_Enabled: 1
  m_Density: 1
  m_Material: {fileID: 0}
  m_IsTrigger: 1
  m_UsedByEffector: 0
  m_UsedByComposite: 0
  m_Offset: {x: 0, y: 0}
  m_SpriteTilingProperty:
    border: {x: 0, y: 0, z: 0, w: 0}
    pivot: {x: 0.5, y: 0.5}
    oldSize: {x: 1.0002443, y: 1}
    newSize: {x: 1, y: 1}
    adaptiveTilingThreshold: 0.5
    drawMode: 0
    adaptiveTiling: 0
  m_AutoTiling: 0
  m_Points:
    m_Paths:
    - - {x: 0.43066406, y: -0.26367188}
      - {x: 0.45703125, y: -0.2109375}
      - {x: 0.47460938, y: -0.19335938}
      - {x: 0.50097656, y: -0.1538086}
      - {x: 0.50097656, y: -0.10546875}
      - {x: 0.49658203, y: -0.10107422}
      - {x: 0.44384766, y: -0.07470703}
      - {x: 0.4350586, y: -0.043945312}
      - {x: 0.4482422, y: -0.026367188}
      - {x: 0.50097656, y: -0.026367188}
      - {x: 0.50097656, y: 0.013183594}
      - {x: 0.4921875, y: 0.017578125}
      - {x: 0.50097656, y: 0.030761719}
      - {x: 0.50097656, y: 0.10546875}
      - {x: 0.49658203, y: 0.11425781}
      - {x: 0.47021484, y: 0.13183594}
      - {x: 0.50097656, y: 0.16259766}
      - {x: 0.50097656, y: 0.2241211}
      - {x: 0.48339844, y: 0.22851562}
      - {x: 0.4658203, y: 0.2241211}
      - {x: 0.50097656, y: 0.2680664}
      - {x: 0.50097656, y: 0.31640625}
      - {x: 0.49658203, y: 0.32080078}
      - {x: 0.48339844, y: 0.3251953}
      - {x: 0.44384766, y: 0.3251953}
      - {x: 0.47460938, y: 0.36035156}
      - {x: 0.49658203, y: 0.36914062}
      - {x: 0.50097656, y: 0.37353516}
      - {x: 0.50097656, y: 0.4086914}
      - {x: 0.49658203, y: 0.41308594}
      - {x: 0.46142578, y: 0.43066406}
      - {x: 0.47460938, y: 0.4350586}
      - {x: 0.49658203, y: 0.4482422}
      - {x: 0.50097656, y: 0.45263672}
      - {x: 0.50097656, y: 0.50097656}
      - {x: 0.052734375, y: 0.50097656}
      - {x: 0.03955078, y: 0.45703125}
      - {x: 0.030761719, y: 0.38232422}
      - {x: 0.021972656, y: 0.37353516}
      - {x: -0.0087890625, y: 0.2944336}
      - {x: -0.026367188, y: 0.2548828}
      - {x: -0.03955078, y: 0.20214844}
      - {x: -0.14501953, y: -0.0087890625}
      - {x: -0.16699219, y: -0.030761719}
      - {x: -0.20654297, y: -0.118652344}
      - {x: -0.22851562, y: -0.140625}
      - {x: -0.23730469, y: -0.16699219}
      - {x: -0.25927734, y: -0.18457031}
      - {x: -0.28564453, y: -0.23730469}
      - {x: -0.33398438, y: -0.2944336}
      - {x: -0.3515625, y: -0.32958984}
      - {x: -0.41308594, y: -0.39111328}
      - {x: -0.45703125, y: -0.42626953}
      - {x: -0.4921875, y: -0.4658203}
      - {x: -0.50097656, y: -0.47460938}
      - {x: -0.50097656, y: -0.50097656}
      - {x: 0.33398438, y: -0.50097656}
      - {x: 0.3515625, y: -0.47021484}
      - {x: 0.37353516, y: -0.38232422}
      - {x: 0.38232422, y: -0.37353516}
    - - {x: -0.43945312, y: -0.48339844}
      - {x: -0.3779297, y: -0.421875}
      - {x: -0.38232422, y: -0.41308594}
      - {x: -0.38671875, y: -0.421875}
      - {x: -0.37353516, y: -0.4350586}
      - {x: -0.32080078, y: -0.43066406}
      - {x: -0.3251953, y: -0.42626953}
      - {x: -0.3383789, y: -0.43945312}
      - {x: -0.35595703, y: -0.47021484}
      - {x: -0.35595703, y: -0.47460938}
      - {x: -0.4482422, y: -0.4790039}
      - {x: -0.44384766, y: -0.48339844}
    - - {x: -0.30322266, y: -0.4658203}
      - {x: -0.29882812, y: -0.4658203}
      - {x: -0.2680664, y: -0.4350586}
      - {x: -0.26367188, y: -0.4350586}
      - {x: -0.24609375, y: -0.45263672}
      - {x: -0.22851562, y: -0.4482422}
      - {x: -0.23291016, y: -0.44384766}
      - {x: -0.24609375, y: -0.45703125}
      - {x: -0.25048828, y: -0.45703125}
      - {x: -0.26367188, y: -0.47021484}
      - {x: -0.26367188, y: -0.47460938}
      - {x: -0.30322266, y: -0.47460938}
    - - {x: -0.15820312, y: -0.48339844}
      - {x: -0.14501953, y: -0.47021484}
      - {x: -0.092285156, y: -0.45263672}
      - {x: -0.16699219, y: -0.4790039}
      - {x: -0.16259766, y: -0.48339844}
    - - {x: -0.0087890625, y: -0.46142578}
      - {x: -0.013183594, y: -0.45703125}
      - {x: -0.026367188, y: -0.47021484}
      - {x: -0.026367188, y: -0.47460938}
      - {x: -0.021972656, y: -0.47460938}
    - - {x: 0.043945312, y: -0.46142578}
      - {x: 0.03515625, y: -0.45703125}
      - {x: 0.017578125, y: -0.47460938}
      - {x: 0.021972656, y: -0.48339844}
    - - {x: 0.087890625, y: -0.47021484}
      - {x: 0.087890625, y: -0.4658203}
      - {x: 0.083496094, y: -0.4658203}
      - {x: 0.0703125, y: -0.4790039}
      - {x: 0.07470703, y: -0.48339844}
    - - {x: 0.13623047, y: -0.47021484}
      - {x: 0.14501953, y: -0.4658203}
      - {x: 0.14501953, y: -0.47021484}
      - {x: 0.1538086, y: -0.4790039}
      - {x: 0.118652344, y: -0.4790039}
      - {x: 0.123046875, y: -0.48339844}
    - - {x: 0.1538086, y: -0.42626953}
      - {x: 0.13623047, y: -0.42626953}
      - {x: 0.13623047, y: -0.40429688}
      - {x: 0.2109375, y: -0.39990234}
      - {x: 0.20214844, y: -0.3955078}
      - {x: 0.18896484, y: -0.4086914}
      - {x: 0.18457031, y: -0.42626953}
      - {x: 0.17578125, y: -0.43945312}
      - {x: 0.17138672, y: -0.44384766}
    - - {x: 0.22851562, y: -0.4350586}
      - {x: 0.23291016, y: -0.4350586}
      - {x: 0.24609375, y: -0.421875}
      - {x: 0.24609375, y: -0.40429688}
      - {x: 0.2548828, y: -0.40429688}
      - {x: 0.2680664, y: -0.41748047}
      - {x: 0.31640625, y: -0.41748047}
      - {x: 0.31640625, y: -0.44384766}
      - {x: 0.22851562, y: -0.44384766}
    - - {x: 0.043945312, y: -0.40429688}
      - {x: 0.057128906, y: -0.39111328}
      - {x: 0.057128906, y: -0.38671875}
      - {x: 0.06591797, y: -0.38671875}
      - {x: 0.06591797, y: -0.3955078}
      - {x: 0.061523438, y: -0.3955078}
      - {x: 0.048339844, y: -0.4086914}
      - {x: 0.048339844, y: -0.42626953}
      - {x: 0.043945312, y: -0.42626953}
    - - {x: -0.2241211, y: -0.4086914}
      - {x: -0.23730469, y: -0.3955078}
      - {x: -0.25927734, y: -0.39990234}
      - {x: -0.2548828, y: -0.40429688}
      - {x: -0.23730469, y: -0.38671875}
      - {x: -0.23291016, y: -0.38671875}
      - {x: -0.21533203, y: -0.3779297}
      - {x: -0.20654297, y: -0.35595703}
      - {x: -0.16699219, y: -0.35595703}
      - {x: -0.16699219, y: -0.36035156}
      - {x: -0.1538086, y: -0.37353516}
      - {x: -0.14941406, y: -0.36914062}
      - {x: -0.1538086, y: -0.3647461}
      - {x: -0.16699219, y: -0.3779297}
      - {x: -0.17578125, y: -0.37353516}
      - {x: -0.20214844, y: -0.40429688}
      - {x: -0.1977539, y: -0.41308594}
    - - {x: -0.10986328, y: -0.40429688}
      - {x: -0.07910156, y: -0.3779297}
      - {x: -0.083496094, y: -0.37353516}
      - {x: -0.057128906, y: -0.37353516}
      - {x: -0.043945312, y: -0.38671875}
      - {x: -0.03955078, y: -0.38232422}
      - {x: -0.043945312, y: -0.3779297}
      - {x: -0.057128906, y: -0.39111328}
      - {x: -0.057128906, y: -0.41308594}
      - {x: -0.11425781, y: -0.41308594}
    - - {x: 0.0087890625, y: -0.40429688}
      - {x: 0.0043945312, y: -0.40429688}
      - {x: 0.0043945312, y: -0.41308594}
      - {x: 0.0087890625, y: -0.41308594}
    - - {x: -0.34277344, y: -0.38671875}
      - {x: -0.33398438, y: -0.37353516}
      - {x: -0.32958984, y: -0.37353516}
      - {x: -0.31640625, y: -0.36035156}
      - {x: -0.30322266, y: -0.34277344}
      - {x: -0.26367188, y: -0.34277344}
      - {x: -0.27685547, y: -0.36035156}
      - {x: -0.27685547, y: -0.3779297}
      - {x: -0.2944336, y: -0.3955078}
      - {x: -0.34716797, y: -0.3955078}
    - - {x: 0.28125, y: -0.3647461}
      - {x: 0.25927734, y: -0.3647461}
      - {x: 0.27685547, y: -0.34277344}
      - {x: 0.27246094, y: -0.32080078}
      - {x: 0.2680664, y: -0.32958984}
      - {x: 0.28125, y: -0.34277344}
      - {x: 0.34716797, y: -0.34277344}
      - {x: 0.32958984, y: -0.3647461}
      - {x: 0.32958984, y: -0.36914062}
      - {x: 0.33398438, y: -0.3779297}
      - {x: 0.2944336, y: -0.3779297}
    - - {x: 0.14941406, y: -0.35595703}
      - {x: 0.1538086, y: -0.35595703}
      - {x: 0.16699219, y: -0.34277344}
      - {x: 0.16699219, y: -0.3251953}
      - {x: 0.24169922, y: -0.32080078}
      - {x: 0.23730469, y: -0.31640625}
      - {x: 0.2241211, y: -0.32958984}
      - {x: 0.2241211, y: -0.34716797}
      - {x: 0.21972656, y: -0.34716797}
      - {x: 0.20654297, y: -0.36035156}
      - {x: 0.20654297, y: -0.3647461}
      - {x: 0.14941406, y: -0.3647461}
    - - {x: -0.048339844, y: -0.33398438}
      - {x: -0.06591797, y: -0.33398438}
      - {x: -0.052734375, y: -0.31201172}
      - {x: -0.03515625, y: -0.2944336}
      - {x: 0.0043945312, y: -0.2944336}
      - {x: -0.017578125, y: -0.31640625}
      - {x: -0.026367188, y: -0.32958984}
      - {x: -0.026367188, y: -0.34716797}
    - - {x: 0.07470703, y: -0.34277344}
      - {x: 0.087890625, y: -0.32958984}
      - {x: 0.087890625, y: -0.3076172}
      - {x: 0.11425781, y: -0.3076172}
      - {x: 0.11425781, y: -0.31640625}
      - {x: 0.10986328, y: -0.31640625}
      - {x: 0.09667969, y: -0.32958984}
      - {x: 0.09667969, y: -0.34716797}
      - {x: 0.07470703, y: -0.34716797}
    - - {x: -0.14501953, y: -0.31640625}
      - {x: -0.1977539, y: -0.32080078}
      - {x: -0.18896484, y: -0.3251953}
      - {x: -0.14501953, y: -0.28125}
      - {x: -0.14501953, y: -0.26367188}
      - {x: -0.123046875, y: -0.27685547}
      - {x: -0.092285156, y: -0.27685547}
      - {x: -0.092285156, y: -0.27246094}
      - {x: -0.10546875, y: -0.28564453}
      - {x: -0.123046875, y: -0.31640625}
      - {x: -0.13623047, y: -0.32958984}
      - {x: -0.13183594, y: -0.3383789}
      - {x: -0.1274414, y: -0.33398438}
    - - {x: -0.25048828, y: -0.30322266}
      - {x: -0.28564453, y: -0.30322266}
      - {x: -0.28564453, y: -0.3076172}
      - {x: -0.28125, y: -0.3076172}
      - {x: -0.2548828, y: -0.28125}
      - {x: -0.2548828, y: -0.26367188}
      - {x: -0.2241211, y: -0.23291016}
      - {x: -0.22851562, y: -0.22851562}
      - {x: -0.23291016, y: -0.23291016}
      - {x: -0.21972656, y: -0.24609375}
      - {x: -0.1977539, y: -0.24609375}
      - {x: -0.1977539, y: -0.25048828}
      - {x: -0.18457031, y: -0.26367188}
      - {x: -0.18017578, y: -0.25927734}
      - {x: -0.18457031, y: -0.2548828}
      - {x: -0.1977539, y: -0.2680664}
      - {x: -0.1977539, y: -0.27246094}
      - {x: -0.20214844, y: -0.27246094}
      - {x: -0.21533203, y: -0.28564453}
      - {x: -0.21533203, y: -0.30322266}
      - {x: -0.21972656, y: -0.30322266}
      - {x: -0.23291016, y: -0.31640625}
      - {x: -0.23730469, y: -0.31640625}
    - - {x: 0.3076172, y: -0.29882812}
      - {x: 0.2944336, y: -0.28564453}
      - {x: 0.28564453, y: -0.29003906}
      - {x: 0.2944336, y: -0.2944336}
      - {x: 0.3076172, y: -0.28125}
      - {x: 0.3076172, y: -0.26367188}
      - {x: 0.3251953, y: -0.24609375}
      - {x: 0.32958984, y: -0.24609375}
      - {x: 0.34716797, y: -0.26367188}
      - {x: 0.3779297, y: -0.26367188}
      - {x: 0.3779297, y: -0.27246094}
      - {x: 0.37353516, y: -0.27246094}
      - {x: 0.36035156, y: -0.28564453}
      - {x: 0.36035156, y: -0.30322266}
      - {x: 0.3076172, y: -0.30322266}
    - - {x: 0.1977539, y: -0.26367188}
      - {x: 0.20214844, y: -0.26367188}
      - {x: 0.21533203, y: -0.25048828}
      - {x: 0.21533203, y: -0.24609375}
      - {x: 0.22851562, y: -0.23291016}
      - {x: 0.23730469, y: -0.23291016}
      - {x: 0.25048828, y: -0.24609375}
      - {x: 0.2680664, y: -0.24609375}
      - {x: 0.2680664, y: -0.2548828}
      - {x: 0.2548828, y: -0.2680664}
      - {x: 0.2548828, y: -0.28564453}
      - {x: 0.1977539, y: -0.28564453}
    - - {x: 0.10986328, y: -0.27685547}
      - {x: 0.123046875, y: -0.26367188}
      - {x: 0.123046875, y: -0.24609375}
      - {x: 0.13623047, y: -0.23291016}
      - {x: 0.13623047, y: -0.21533203}
      - {x: 0.14501953, y: -0.21533203}
      - {x: 0.14501953, y: -0.21972656}
      - {x: 0.15820312, y: -0.23291016}
      - {x: 0.15820312, y: -0.23730469}
      - {x: 0.14501953, y: -0.25048828}
      - {x: 0.14501953, y: -0.27246094}
      - {x: 0.10546875, y: -0.27246094}
      - {x: 0.10546875, y: -0.27685547}
    - - {x: -0.017578125, y: -0.26367188}
      - {x: -0.0043945312, y: -0.25048828}
      - {x: 0.0087890625, y: -0.21972656}
      - {x: 0.013183594, y: -0.20214844}
      - {x: 0.026367188, y: -0.18896484}
      - {x: 0.021972656, y: -0.18017578}
      - {x: 0.017578125, y: -0.18457031}
      - {x: 0.03515625, y: -0.20214844}
      - {x: 0.0703125, y: -0.1977539}
      - {x: 0.061523438, y: -0.19335938}
      - {x: 0.048339844, y: -0.20654297}
      - {x: 0.013183594, y: -0.24609375}
      - {x: 0.017578125, y: -0.2548828}
      - {x: -0.026367188, y: -0.25927734}
      - {x: -0.021972656, y: -0.26367188}
    - - {x: -0.10986328, y: -0.2241211}
      - {x: -0.11425781, y: -0.21533203}
      - {x: -0.10986328, y: -0.21533203}
      - {x: -0.09667969, y: -0.20214844}
      - {x: -0.09667969, y: -0.18457031}
      - {x: -0.083496094, y: -0.17138672}
      - {x: -0.083496094, y: -0.16699219}
      - {x: -0.057128906, y: -0.16699219}
      - {x: -0.057128906, y: -0.17138672}
      - {x: -0.043945312, y: -0.18457031}
      - {x: -0.021972656, y: -0.18017578}
      - {x: -0.030761719, y: -0.17578125}
      - {x: -0.043945312, y: -0.18896484}
      - {x: -0.043945312, y: -0.20654297}
      - {x: -0.057128906, y: -0.21533203}
      - {x: -0.07470703, y: -0.23730469}
      - {x: -0.09667969, y: -0.23730469}
    - - {x: -0.16259766, y: -0.21972656}
      - {x: -0.17578125, y: -0.20654297}
      - {x: -0.19335938, y: -0.20654297}
      - {x: -0.20654297, y: -0.19335938}
      - {x: -0.2109375, y: -0.1977539}
      - {x: -0.20654297, y: -0.20214844}
      - {x: -0.19335938, y: -0.18896484}
      - {x: -0.17578125, y: -0.1538086}
      - {x: -0.17578125, y: -0.13623047}
      - {x: -0.140625, y: -0.1538086}
      - {x: -0.118652344, y: -0.14941406}
      - {x: -0.123046875, y: -0.14501953}
      - {x: -0.13623047, y: -0.15820312}
      - {x: -0.1538086, y: -0.18896484}
      - {x: -0.1538086, y: -0.20654297}
      - {x: -0.16699219, y: -0.21972656}
      - {x: -0.16699219, y: -0.2241211}
      - {x: -0.16259766, y: -0.2241211}
    - - {x: 0.36035156, y: -0.20214844}
      - {x: 0.3383789, y: -0.20654297}
      - {x: 0.35595703, y: -0.18457031}
      - {x: 0.3779297, y: -0.18457031}
      - {x: 0.3779297, y: -0.18896484}
      - {x: 0.39111328, y: -0.20214844}
      - {x: 0.4086914, y: -0.20214844}
      - {x: 0.3955078, y: -0.21972656}
      - {x: 0.3955078, y: -0.2241211}
      - {x: 0.37353516, y: -0.21972656}
    - - {x: 0.26367188, y: -0.19335938}
      - {x: 0.24169922, y: -0.1977539}
      - {x: 0.24609375, y: -0.20214844}
      - {x: 0.27685547, y: -0.17138672}
      - {x: 0.27246094, y: -0.14941406}
      - {x: 0.2680664, y: -0.1538086}
      - {x: 0.28125, y: -0.16699219}
      - {x: 0.31640625, y: -0.16699219}
      - {x: 0.31640625, y: -0.16259766}
      - {x: 0.31201172, y: -0.16259766}
      - {x: 0.29882812, y: -0.17578125}
      - {x: 0.29882812, y: -0.19335938}
      - {x: 0.28564453, y: -0.20654297}
      - {x: 0.27685547, y: -0.20654297}
    - - {x: 0.17138672, y: -0.17578125}
      - {x: 0.14501953, y: -0.18017578}
      - {x: 0.1538086, y: -0.18457031}
      - {x: 0.16699219, y: -0.17138672}
      - {x: 0.16699219, y: -0.13623047}
      - {x: 0.17138672, y: -0.13623047}
      - {x: 0.18457031, y: -0.123046875}
      - {x: 0.18017578, y: -0.118652344}
      - {x: 0.17578125, y: -0.123046875}
      - {x: 0.18896484, y: -0.13623047}
      - {x: 0.2241211, y: -0.13623047}
      - {x: 0.21972656, y: -0.14501953}
      - {x: 0.18896484, y: -0.17578125}
      - {x: 0.18896484, y: -0.19335938}
    - - {x: 0.057128906, y: -0.15820312}
      - {x: 0.043945312, y: -0.14501953}
      - {x: 0.03955078, y: -0.14941406}
      - {x: 0.043945312, y: -0.1538086}
      - {x: 0.057128906, y: -0.140625}
      - {x: 0.07470703, y: -0.10986328}
      - {x: 0.07470703, y: -0.092285156}
      - {x: 0.09667969, y: -0.10546875}
      - {x: 0.118652344, y: -0.10107422}
      - {x: 0.11425781, y: -0.09667969}
      - {x: 0.09667969, y: -0.11425781}
      - {x: 0.083496094, y: -0.140625}
      - {x: 0.083496094, y: -0.16259766}
    - - {x: 0.41748047, y: -0.15820312}
      - {x: 0.40429688, y: -0.14501953}
      - {x: 0.36914062, y: -0.14501953}
      - {x: 0.3779297, y: -0.140625}
      - {x: 0.39990234, y: -0.10986328}
      - {x: 0.4086914, y: -0.10546875}
      - {x: 0.4086914, y: -0.10986328}
      - {x: 0.421875, y: -0.123046875}
      - {x: 0.43945312, y: -0.123046875}
      - {x: 0.45263672, y: -0.13623047}
      - {x: 0.45703125, y: -0.14501953}
      - {x: 0.45263672, y: -0.14501953}
      - {x: 0.43945312, y: -0.15820312}
      - {x: 0.43945312, y: -0.16259766}
      - {x: 0.41748047, y: -0.16259766}
    - - {x: -0.03515625, y: -0.1274414}
      - {x: -0.06591797, y: -0.1274414}
      - {x: -0.052734375, y: -0.10986328}
      - {x: -0.048339844, y: -0.092285156}
      - {x: -0.03515625, y: -0.07910156}
      - {x: -0.03515625, y: -0.057128906}
      - {x: -0.013183594, y: -0.07470703}
      - {x: 0.03955078, y: -0.0703125}
      - {x: 0.030761719, y: -0.06591797}
      - {x: 0.017578125, y: -0.07910156}
      - {x: 0.017578125, y: -0.09667969}
      - {x: 0.0043945312, y: -0.10986328}
      - {x: -0.0043945312, y: -0.1274414}
      - {x: -0.013183594, y: -0.140625}
      - {x: -0.017578125, y: -0.14501953}
    - - {x: 0.2944336, y: -0.11425781}
      - {x: 0.28564453, y: -0.118652344}
      - {x: 0.2944336, y: -0.123046875}
      - {x: 0.3251953, y: -0.092285156}
      - {x: 0.3251953, y: -0.07470703}
      - {x: 0.34716797, y: -0.092285156}
      - {x: 0.3647461, y: -0.087890625}
      - {x: 0.36035156, y: -0.083496094}
      - {x: 0.32958984, y: -0.11425781}
      - {x: 0.32958984, y: -0.118652344}
      - {x: 0.33398438, y: -0.1274414}
      - {x: 0.3076172, y: -0.1274414}
    - - {x: -0.1274414, y: -0.09667969}
      - {x: -0.14501953, y: -0.09667969}
      - {x: -0.1274414, y: -0.07470703}
      - {x: -0.123046875, y: -0.057128906}
      - {x: -0.10546875, y: -0.043945312}
      - {x: -0.09667969, y: -0.030761719}
      - {x: -0.09667969, y: -0.026367188}
      - {x: -0.07910156, y: -0.043945312}
      - {x: -0.052734375, y: -0.03955078}
      - {x: -0.061523438, y: -0.03515625}
      - {x: -0.07470703, y: -0.048339844}
      - {x: -0.07470703, y: -0.06591797}
      - {x: -0.092285156, y: -0.083496094}
      - {x: -0.092285156, y: -0.09667969}
      - {x: -0.10546875, y: -0.10986328}
      - {x: -0.10546875, y: -0.11425781}
    - - {x: 0.20214844, y: -0.083496094}
      - {x: 0.18017578, y: -0.087890625}
      - {x: 0.18457031, y: -0.092285156}
      - {x: 0.1977539, y: -0.07910156}
      - {x: 0.1977539, y: -0.043945312}
      - {x: 0.23730469, y: -0.043945312}
      - {x: 0.25048828, y: -0.057128906}
      - {x: 0.2680664, y: -0.057128906}
      - {x: 0.2680664, y: -0.052734375}
      - {x: 0.2548828, y: -0.06591797}
      - {x: 0.2548828, y: -0.083496094}
      - {x: 0.25048828, y: -0.083496094}
      - {x: 0.23730469, y: -0.09667969}
      - {x: 0.21533203, y: -0.09667969}
    - - {x: 0.10986328, y: -0.052734375}
      - {x: 0.087890625, y: -0.052734375}
      - {x: 0.087890625, y: -0.057128906}
      - {x: 0.092285156, y: -0.057128906}
      - {x: 0.10546875, y: -0.043945312}
      - {x: 0.10546875, y: -0.026367188}
      - {x: 0.10986328, y: -0.026367188}
      - {x: 0.123046875, y: -0.013183594}
      - {x: 0.14501953, y: -0.013183594}
      - {x: 0.15820312, y: -0.026367188}
      - {x: 0.15820312, y: -0.021972656}
      - {x: 0.14501953, y: -0.03515625}
      - {x: 0.14501953, y: -0.052734375}
      - {x: 0.140625, y: -0.052734375}
      - {x: 0.1274414, y: -0.06591797}
      - {x: 0.123046875, y: -0.06591797}
    - - {x: 0.36914062, y: -0.048339844}
      - {x: 0.35595703, y: -0.03515625}
      - {x: 0.35595703, y: -0.026367188}
      - {x: 0.36914062, y: -0.013183594}
      - {x: 0.36914062, y: 0.0043945312}
      - {x: 0.3955078, y: 0.0043945312}
      - {x: 0.3955078, y: 0}
      - {x: 0.4086914, y: -0.013183594}
      - {x: 0.41308594, y: -0.0087890625}
      - {x: 0.4086914, y: -0.0043945312}
      - {x: 0.3955078, y: -0.017578125}
      - {x: 0.3955078, y: -0.03515625}
      - {x: 0.39111328, y: -0.03515625}
      - {x: 0.3779297, y: -0.048339844}
      - {x: 0.3779297, y: -0.052734375}
      - {x: 0.36914062, y: -0.052734375}
    - - {x: -0.0043945312, y: -0.021972656}
      - {x: -0.021972656, y: -0.021972656}
      - {x: -0.021972656, y: -0.026367188}
      - {x: -0.017578125, y: -0.026367188}
      - {x: 0.0087890625, y: 0}
      - {x: 0.013183594, y: 0.017578125}
      - {x: 0.026367188, y: 0.030761719}
      - {x: 0.021972656, y: 0.03955078}
      - {x: 0.017578125, y: 0.030761719}
      - {x: 0.030761719, y: 0.017578125}
      - {x: 0.06591797, y: 0.017578125}
      - {x: 0.048339844, y: -0.017578125}
      - {x: 0.048339844, y: -0.03515625}
    - - {x: 0.27685547, y: -0.017578125}
      - {x: 0.26367188, y: -0.0043945312}
      - {x: 0.22851562, y: -0.0043945312}
      - {x: 0.24609375, y: 0.017578125}
      - {x: 0.25927734, y: 0.048339844}
      - {x: 0.25927734, y: 0.06591797}
      - {x: 0.2548828, y: 0.06591797}
      - {x: 0.2548828, y: 0.061523438}
      - {x: 0.2680664, y: 0.048339844}
      - {x: 0.28564453, y: 0.048339844}
      - {x: 0.29882812, y: 0.03515625}
      - {x: 0.30322266, y: 0.03955078}
      - {x: 0.29882812, y: 0.043945312}
      - {x: 0.28564453, y: 0.030761719}
      - {x: 0.28125, y: -0.0043945312}
      - {x: 0.2680664, y: -0.017578125}
      - {x: 0.27246094, y: -0.026367188}
      - {x: 0.27685547, y: -0.021972656}
    - - {x: -0.06591797, y: 0.013183594}
      - {x: -0.083496094, y: 0.013183594}
      - {x: -0.06591797, y: 0.030761719}
      - {x: -0.06591797, y: 0.048339844}
      - {x: -0.052734375, y: 0.061523438}
      - {x: -0.052734375, y: 0.083496094}
      - {x: -0.057128906, y: 0.083496094}
      - {x: -0.057128906, y: 0.07910156}
      - {x: -0.026367188, y: 0.048339844}
      - {x: -0.0087890625, y: 0.052734375}
      - {x: -0.013183594, y: 0.057128906}
      - {x: -0.026367188, y: 0.043945312}
      - {x: -0.030761719, y: 0.026367188}
      - {x: -0.043945312, y: 0.013183594}
      - {x: -0.043945312, y: -0.0043945312}
    - - {x: 0.17138672, y: 0.026367188}
      - {x: 0.13623047, y: 0.026367188}
      - {x: 0.14941406, y: 0.048339844}
      - {x: 0.16699219, y: 0.07910156}
      - {x: 0.18896484, y: 0.09667969}
      - {x: 0.18896484, y: 0.057128906}
      - {x: 0.17578125, y: 0.043945312}
      - {x: 0.18017578, y: 0.0087890625}
      - {x: 0.18457031, y: 0.013183594}
    - - {x: 0.41748047, y: 0.043945312}
      - {x: 0.39990234, y: 0.043945312}
      - {x: 0.4350586, y: 0.083496094}
      - {x: 0.45703125, y: 0.083496094}
      - {x: 0.45703125, y: 0.07910156}
      - {x: 0.47021484, y: 0.06591797}
      - {x: 0.4790039, y: 0.0703125}
      - {x: 0.47021484, y: 0.07470703}
      - {x: 0.42626953, y: 0.030761719}
      - {x: 0.43066406, y: 0.021972656}
      - {x: 0.4350586, y: 0.026367188}
    - - {x: 0.057128906, y: 0.06591797}
      - {x: 0.043945312, y: 0.07470703}
      - {x: 0.043945312, y: 0.083496094}
      - {x: 0.057128906, y: 0.09667969}
      - {x: 0.057128906, y: 0.1274414}
      - {x: 0.09667969, y: 0.1274414}
      - {x: 0.10986328, y: 0.11425781}
      - {x: 0.13183594, y: 0.118652344}
      - {x: 0.1274414, y: 0.123046875}
      - {x: 0.11425781, y: 0.10986328}
      - {x: 0.11425781, y: 0.087890625}
      - {x: 0.10986328, y: 0.087890625}
      - {x: 0.09667969, y: 0.07470703}
      - {x: 0.09667969, y: 0.057128906}
      - {x: 0.057128906, y: 0.057128906}
    - - {x: -0.021972656, y: 0.10986328}
      - {x: -0.03515625, y: 0.123046875}
      - {x: -0.03955078, y: 0.118652344}
      - {x: -0.03515625, y: 0.11425781}
      - {x: -0.021972656, y: 0.1274414}
      - {x: -0.017578125, y: 0.14501953}
      - {x: -0.0043945312, y: 0.15820312}
      - {x: -0.0043945312, y: 0.17578125}
      - {x: 0.017578125, y: 0.15820312}
      - {x: 0.017578125, y: 0.123046875}
      - {x: 0.0043945312, y: 0.10986328}
      - {x: 0.0043945312, y: 0.087890625}
    - - {x: 0.29003906, y: 0.092285156}
      - {x: 0.27685547, y: 0.10546875}
      - {x: 0.27246094, y: 0.10107422}
      - {x: 0.27685547, y: 0.09667969}
      - {x: 0.29003906, y: 0.10986328}
      - {x: 0.2944336, y: 0.1274414}
      - {x: 0.3076172, y: 0.140625}
      - {x: 0.31640625, y: 0.14501953}
      - {x: 0.31640625, y: 0.140625}
      - {x: 0.32958984, y: 0.1274414}
      - {x: 0.3383789, y: 0.13183594}
      - {x: 0.32958984, y: 0.13623047}
      - {x: 0.31640625, y: 0.123046875}
      - {x: 0.31640625, y: 0.087890625}
      - {x: 0.29003906, y: 0.087890625}
    - - {x: 0.26367188, y: 0.16259766}
      - {x: 0.24609375, y: 0.15820312}
      - {x: 0.23730469, y: 0.140625}
      - {x: 0.24169922, y: 0.118652344}
      - {x: 0.24609375, y: 0.123046875}
    - - {x: 0.1977539, y: 0.140625}
      - {x: 0.20214844, y: 0.15820312}
      - {x: 0.21533203, y: 0.17138672}
      - {x: 0.22851562, y: 0.18017578}
      - {x: 0.21533203, y: 0.1977539}
      - {x: 0.18017578, y: 0.13183594}
      - {x: 0.18457031, y: 0.1274414}
    - - {x: 0.4350586, y: 0.14501953}
      - {x: 0.4350586, y: 0.15820312}
      - {x: 0.4482422, y: 0.17138672}
      - {x: 0.44384766, y: 0.1977539}
      - {x: 0.43945312, y: 0.18896484}
      - {x: 0.45263672, y: 0.17578125}
      - {x: 0.46142578, y: 0.18017578}
      - {x: 0.45263672, y: 0.18457031}
      - {x: 0.43945312, y: 0.17138672}
      - {x: 0.43945312, y: 0.1538086}
      - {x: 0.42626953, y: 0.140625}
      - {x: 0.41308594, y: 0.13183594}
      - {x: 0.41748047, y: 0.1274414}
    - - {x: 0.123046875, y: 0.16699219}
      - {x: 0.087890625, y: 0.16699219}
      - {x: 0.092285156, y: 0.19335938}
      - {x: 0.10546875, y: 0.20654297}
      - {x: 0.10546875, y: 0.2241211}
      - {x: 0.1274414, y: 0.20654297}
      - {x: 0.14501953, y: 0.20654297}
      - {x: 0.140625, y: 0.16699219}
      - {x: 0.1274414, y: 0.15820312}
      - {x: 0.13623047, y: 0.15820312}
    - - {x: 0.37353516, y: 0.16699219}
      - {x: 0.3647461, y: 0.16259766}
      - {x: 0.37353516, y: 0.15820312}
      - {x: 0.38671875, y: 0.17138672}
      - {x: 0.38671875, y: 0.20654297}
      - {x: 0.3955078, y: 0.20654297}
      - {x: 0.4086914, y: 0.19335938}
      - {x: 0.4086914, y: 0.1977539}
      - {x: 0.3955078, y: 0.18457031}
      - {x: 0.39111328, y: 0.16699219}
      - {x: 0.3779297, y: 0.15820312}
      - {x: 0.38671875, y: 0.15820312}
    - - {x: 0.3383789, y: 0.18896484}
      - {x: 0.3383789, y: 0.19335938}
      - {x: 0.33398438, y: 0.19335938}
      - {x: 0.32080078, y: 0.18017578}
      - {x: 0.3251953, y: 0.17578125}
    - - {x: 0.030761719, y: 0.21533203}
      - {x: 0.0087890625, y: 0.21533203}
      - {x: 0.026367188, y: 0.23730469}
      - {x: 0.030761719, y: 0.2548828}
      - {x: 0.043945312, y: 0.2680664}
      - {x: 0.03955078, y: 0.27246094}
      - {x: 0.03515625, y: 0.2680664}
      - {x: 0.048339844, y: 0.2548828}
      - {x: 0.06591797, y: 0.2548828}
      - {x: 0.06591797, y: 0.22851562}
      - {x: 0.061523438, y: 0.22851562}
      - {x: 0.048339844, y: 0.21533203}
      - {x: 0.048339844, y: 0.1977539}
    - - {x: 0.27685547, y: 0.20214844}
      - {x: 0.26367188, y: 0.21533203}
      - {x: 0.25927734, y: 0.21533203}
      - {x: 0.25927734, y: 0.23730469}
      - {x: 0.26367188, y: 0.23730469}
      - {x: 0.27685547, y: 0.25048828}
      - {x: 0.27685547, y: 0.2548828}
      - {x: 0.28564453, y: 0.2548828}
      - {x: 0.28564453, y: 0.25048828}
      - {x: 0.29882812, y: 0.23730469}
      - {x: 0.29882812, y: 0.22851562}
      - {x: 0.28564453, y: 0.21533203}
      - {x: 0.28564453, y: 0.1977539}
      - {x: 0.27685547, y: 0.1977539}
    - - {x: 0.22851562, y: 0.23730469}
      - {x: 0.2241211, y: 0.23730469}
      - {x: 0.2241211, y: 0.21533203}
      - {x: 0.22851562, y: 0.21533203}
    - - {x: 0.4350586, y: 0.23291016}
      - {x: 0.421875, y: 0.24609375}
      - {x: 0.39990234, y: 0.24609375}
      - {x: 0.4086914, y: 0.2680664}
      - {x: 0.41748047, y: 0.28125}
      - {x: 0.421875, y: 0.28564453}
      - {x: 0.43945312, y: 0.28564453}
      - {x: 0.45703125, y: 0.2680664}
      - {x: 0.46142578, y: 0.27246094}
      - {x: 0.45263672, y: 0.27685547}
      - {x: 0.42626953, y: 0.25048828}
      - {x: 0.43066406, y: 0.2241211}
      - {x: 0.4350586, y: 0.22851562}
    - - {x: 0.13623047, y: 0.26367188}
      - {x: 0.123046875, y: 0.26367188}
      - {x: 0.13623047, y: 0.28125}
      - {x: 0.13623047, y: 0.29882812}
      - {x: 0.14941406, y: 0.31201172}
      - {x: 0.14941406, y: 0.31640625}
      - {x: 0.14501953, y: 0.31640625}
      - {x: 0.14501953, y: 0.31201172}
      - {x: 0.15820312, y: 0.29882812}
      - {x: 0.17578125, y: 0.29882812}
      - {x: 0.15820312, y: 0.27685547}
      - {x: 0.15820312, y: 0.24609375}
    - - {x: 0.3076172, y: 0.2944336}
      - {x: 0.2944336, y: 0.29882812}
      - {x: 0.27685547, y: 0.31201172}
      - {x: 0.27685547, y: 0.33398438}
      - {x: 0.28125, y: 0.33398438}
      - {x: 0.2944336, y: 0.34716797}
      - {x: 0.29003906, y: 0.3515625}
      - {x: 0.28564453, y: 0.34716797}
      - {x: 0.29882812, y: 0.33398438}
      - {x: 0.31640625, y: 0.32958984}
      - {x: 0.32958984, y: 0.31640625}
      - {x: 0.34716797, y: 0.31640625}
      - {x: 0.32958984, y: 0.2944336}
      - {x: 0.33398438, y: 0.27685547}
    - - {x: 0.061523438, y: 0.3076172}
      - {x: 0.057128906, y: 0.3076172}
      - {x: 0.057128906, y: 0.34716797}
      - {x: 0.083496094, y: 0.34716797}
      - {x: 0.09667969, y: 0.33398438}
      - {x: 0.11425781, y: 0.33398438}
      - {x: 0.11425781, y: 0.3383789}
      - {x: 0.10986328, y: 0.3383789}
      - {x: 0.09667969, y: 0.3251953}
      - {x: 0.09667969, y: 0.3076172}
      - {x: 0.083496094, y: 0.2944336}
      - {x: 0.07470703, y: 0.2944336}
    - - {x: 0.17138672, y: 0.35595703}
      - {x: 0.14501953, y: 0.3515625}
      - {x: 0.1538086, y: 0.34716797}
      - {x: 0.16699219, y: 0.36035156}
      - {x: 0.17138672, y: 0.3955078}
      - {x: 0.18457031, y: 0.4086914}
      - {x: 0.18017578, y: 0.41308594}
      - {x: 0.17578125, y: 0.4086914}
      - {x: 0.18896484, y: 0.3955078}
      - {x: 0.20654297, y: 0.3955078}
      - {x: 0.18896484, y: 0.37353516}
      - {x: 0.18896484, y: 0.3383789}
    - - {x: 0.22851562, y: 0.34716797}
      - {x: 0.2241211, y: 0.34716797}
      - {x: 0.2241211, y: 0.3383789}
      - {x: 0.22851562, y: 0.3383789}
    - - {x: 0.46142578, y: 0.38232422}
      - {x: 0.45263672, y: 0.38671875}
      - {x: 0.4086914, y: 0.34277344}
      - {x: 0.41308594, y: 0.33398438}
    - - {x: 0.35595703, y: 0.36035156}
      - {x: 0.34716797, y: 0.37353516}
      - {x: 0.3076172, y: 0.37353516}
      - {x: 0.3076172, y: 0.4086914}
      - {x: 0.3251953, y: 0.42626953}
      - {x: 0.32080078, y: 0.4482422}
      - {x: 0.31640625, y: 0.43945312}
      - {x: 0.32958984, y: 0.42626953}
      - {x: 0.34716797, y: 0.421875}
      - {x: 0.36035156, y: 0.4086914}
      - {x: 0.36035156, y: 0.35595703}
    - - {x: 0.10986328, y: 0.38671875}
      - {x: 0.087890625, y: 0.38671875}
      - {x: 0.087890625, y: 0.39111328}
      - {x: 0.07470703, y: 0.40429688}
      - {x: 0.07470703, y: 0.42626953}
      - {x: 0.087890625, y: 0.43945312}
      - {x: 0.087890625, y: 0.45703125}
      - {x: 0.083496094, y: 0.45703125}
      - {x: 0.09667969, y: 0.44384766}
      - {x: 0.11425781, y: 0.44384766}
      - {x: 0.11425781, y: 0.43945312}
      - {x: 0.1274414, y: 0.42626953}
      - {x: 0.14941406, y: 0.43066406}
      - {x: 0.140625, y: 0.4350586}
      - {x: 0.1274414, y: 0.421875}
      - {x: 0.1274414, y: 0.38671875}
      - {x: 0.11425781, y: 0.37353516}
      - {x: 0.118652344, y: 0.36914062}
      - {x: 0.123046875, y: 0.37353516}
    - - {x: 0.39990234, y: 0.4086914}
      - {x: 0.3955078, y: 0.4086914}
      - {x: 0.4086914, y: 0.3955078}
      - {x: 0.41308594, y: 0.39990234}
      - {x: 0.4086914, y: 0.40429688}
      - {x: 0.3955078, y: 0.39111328}
      - {x: 0.3955078, y: 0.37353516}
      - {x: 0.39990234, y: 0.37353516}
    - - {x: 0.20214844, y: 0.4482422}
      - {x: 0.18457031, y: 0.4482422}
      - {x: 0.18457031, y: 0.44384766}
      - {x: 0.1977539, y: 0.45703125}
      - {x: 0.2241211, y: 0.47460938}
      - {x: 0.2241211, y: 0.4350586}
    - - {x: 0.421875, y: 0.4482422}
      - {x: 0.39990234, y: 0.47460938}
      - {x: 0.43945312, y: 0.47460938}
      - {x: 0.43945312, y: 0.4482422}
      - {x: 0.42626953, y: 0.4350586}
      - {x: 0.43066406, y: 0.43066406}
      - {x: 0.4350586, y: 0.4350586}
    - - {x: 0.13623047, y: 0.4790039}
      - {x: 0.123046875, y: 0.4790039}
      - {x: 0.123046875, y: 0.47460938}
      - {x: 0.15820312, y: 0.47460938}
      - {x: 0.15820312, y: 0.4790039}
      - {x: 0.14501953, y: 0.4658203}
      - {x: 0.14941406, y: 0.4658203}
    - - {x: 0.34277344, y: 0.4790039}
      - {x: 0.3383789, y: 0.4790039}
      - {x: 0.3383789, y: 0.47460938}
      - {x: 0.36035156, y: 0.47460938}
      - {x: 0.36035156, y: 0.4658203}
      - {x: 0.35595703, y: 0.4658203}
--- !u!82 &2483130748680028016
AudioSource:
  m_ObjectHideFlags: 0
  m_CorrespondingSourceObject: {fileID: 0}
  m_PrefabInstance: {fileID: 0}
  m_PrefabAsset: {fileID: 0}
  m_GameObject: {fileID: 1695336051986504538}
  m_Enabled: 1
  serializedVersion: 4
  OutputAudioMixerGroup: {fileID: -2008878489117553926, guid: eb315def7b3c9714b9e6abcee245696a, type: 2}
  m_audioClip: {fileID: 0}
  m_PlayOnAwake: 0
  m_Volume: 0.872
  m_Pitch: 1.74
  Loop: 0
  Mute: 0
  Spatialize: 0
  SpatializePostEffects: 0
  Priority: 128
  DopplerLevel: 1
  MinDistance: 1
  MaxDistance: 500
  Pan2D: 0
  rolloffMode: 0
  BypassEffects: 0
  BypassListenerEffects: 0
  BypassReverbZones: 0
  rolloffCustomCurve:
    serializedVersion: 2
    m_Curve:
    - serializedVersion: 3
      time: 0
      value: 1
      inSlope: 0
      outSlope: 0
      tangentMode: 0
      weightedMode: 0
      inWeight: 0.33333334
      outWeight: 0.33333334
    - serializedVersion: 3
      time: 1
      value: 0
      inSlope: 0
      outSlope: 0
      tangentMode: 0
      weightedMode: 0
      inWeight: 0.33333334
      outWeight: 0.33333334
    m_PreInfinity: 2
    m_PostInfinity: 2
    m_RotationOrder: 4
  panLevelCustomCurve:
    serializedVersion: 2
    m_Curve:
    - serializedVersion: 3
      time: 0
      value: 0
      inSlope: 0
      outSlope: 0
      tangentMode: 0
      weightedMode: 0
      inWeight: 0.33333334
      outWeight: 0.33333334
    m_PreInfinity: 2
    m_PostInfinity: 2
    m_RotationOrder: 4
  spreadCustomCurve:
    serializedVersion: 2
    m_Curve:
    - serializedVersion: 3
      time: 0
      value: 0
      inSlope: 0
      outSlope: 0
      tangentMode: 0
      weightedMode: 0
      inWeight: 0.33333334
      outWeight: 0.33333334
    m_PreInfinity: 2
    m_PostInfinity: 2
    m_RotationOrder: 4
  reverbZoneMixCustomCurve:
    serializedVersion: 2
    m_Curve:
    - serializedVersion: 3
      time: 0
      value: 1
      inSlope: 0
      outSlope: 0
      tangentMode: 0
      weightedMode: 0
      inWeight: 0.33333334
      outWeight: 0.33333334
    m_PreInfinity: 2
    m_PostInfinity: 2
    m_RotationOrder: 4
--- !u!1 &4018795727651909637
GameObject:
  m_ObjectHideFlags: 0
  m_CorrespondingSourceObject: {fileID: 0}
  m_PrefabInstance: {fileID: 0}
  m_PrefabAsset: {fileID: 0}
  serializedVersion: 6
  m_Component:
  - component: {fileID: 8543974002028792620}
  - component: {fileID: 6615071648647211897}
  - component: {fileID: 2445949649186110726}
  m_Layer: 7
  m_Name: Map icon
  m_TagString: GhostNet
  m_Icon: {fileID: 0}
  m_NavMeshLayer: 0
  m_StaticEditorFlags: 0
  m_IsActive: 1
--- !u!4 &8543974002028792620
Transform:
  m_ObjectHideFlags: 0
  m_CorrespondingSourceObject: {fileID: 0}
  m_PrefabInstance: {fileID: 0}
  m_PrefabAsset: {fileID: 0}
  m_GameObject: {fileID: 4018795727651909637}
  m_LocalRotation: {x: -0, y: -0, z: -0, w: 1}
  m_LocalPosition: {x: 0, y: 0, z: 0}
  m_LocalScale: {x: 1, y: 1, z: 1}
  m_Children: []
  m_Father: {fileID: 251883647264245784}
  m_RootOrder: 1
  m_LocalEulerAnglesHint: {x: 0, y: 0, z: 0}
--- !u!212 &6615071648647211897
SpriteRenderer:
  m_ObjectHideFlags: 0
  m_CorrespondingSourceObject: {fileID: 0}
  m_PrefabInstance: {fileID: 0}
  m_PrefabAsset: {fileID: 0}
  m_GameObject: {fileID: 4018795727651909637}
  m_Enabled: 1
  m_CastShadows: 0
  m_ReceiveShadows: 0
  m_DynamicOccludee: 1
  m_MotionVectors: 1
  m_LightProbeUsage: 1
  m_ReflectionProbeUsage: 1
  m_RayTracingMode: 0
  m_RayTraceProcedural: 0
  m_RenderingLayerMask: 1
  m_RendererPriority: 0
  m_Materials:
  - {fileID: 2100000, guid: a97c105638bdf8b4a8650670310a4cd3, type: 2}
  m_StaticBatchInfo:
    firstSubMesh: 0
    subMeshCount: 0
  m_StaticBatchRoot: {fileID: 0}
  m_ProbeAnchor: {fileID: 0}
  m_LightProbeVolumeOverride: {fileID: 0}
  m_ScaleInLightmap: 1
  m_ReceiveGI: 1
  m_PreserveUVs: 0
  m_IgnoreNormalsForChartDetection: 0
  m_ImportantGI: 0
  m_StitchLightmapSeams: 1
  m_SelectedEditorRenderState: 0
  m_MinimumChartSize: 4
  m_AutoUVMaxDistance: 0.5
  m_AutoUVMaxAngle: 89
  m_LightmapParameters: {fileID: 0}
  m_SortingLayerID: 0
  m_SortingLayer: 0
  m_SortingOrder: 2
  m_Sprite: {fileID: 0}
  m_Color: {r: 1, g: 1, b: 1, a: 1}
  m_FlipX: 0
  m_FlipY: 0
  m_DrawMode: 0
  m_Size: {x: 1, y: 1}
  m_AdaptiveModeThreshold: 0.5
  m_SpriteTileMode: 0
  m_WasSpriteAssigned: 0
  m_MaskInteraction: 0
  m_SpriteSortPoint: 0
--- !u!114 &2445949649186110726
MonoBehaviour:
  m_ObjectHideFlags: 0
  m_CorrespondingSourceObject: {fileID: 0}
  m_PrefabInstance: {fileID: 0}
  m_PrefabAsset: {fileID: 0}
  m_GameObject: {fileID: 4018795727651909637}
  m_Enabled: 1
  m_EditorHideFlags: 0
  m_Script: {fileID: 11500000, guid: 45d2f3cea361b594ba1a9063c2673ca3, type: 3}
  m_Name: 
  m_EditorClassIdentifier: 
  orginalSpriteRendere: {fileID: 0}
  miniMapSpriteRendere: {fileID: 0}
--- !u!1 &6364015998478457354
GameObject:
  m_ObjectHideFlags: 0
  m_CorrespondingSourceObject: {fileID: 0}
  m_PrefabInstance: {fileID: 0}
  m_PrefabAsset: {fileID: 0}
  serializedVersion: 6
  m_Component:
  - component: {fileID: 3034708462867500744}
  - component: {fileID: 7108248055254954469}
  m_Layer: 0
  m_Name: E button
  m_TagString: Untagged
  m_Icon: {fileID: 0}
  m_NavMeshLayer: 0
  m_StaticEditorFlags: 0
  m_IsActive: 0
--- !u!4 &3034708462867500744
Transform:
  m_ObjectHideFlags: 0
  m_CorrespondingSourceObject: {fileID: 0}
  m_PrefabInstance: {fileID: 0}
  m_PrefabAsset: {fileID: 0}
  m_GameObject: {fileID: 6364015998478457354}
  m_LocalRotation: {x: -0, y: -0, z: -0, w: 1}
  m_LocalPosition: {x: -0.442, y: 0.256, z: 0}
  m_LocalScale: {x: 0.022331396, y: 0.024999999, z: 1}
  m_Children: []
  m_Father: {fileID: 251883647264245784}
  m_RootOrder: 0
  m_LocalEulerAnglesHint: {x: 0, y: 0, z: 0}
--- !u!212 &7108248055254954469
SpriteRenderer:
  m_ObjectHideFlags: 0
  m_CorrespondingSourceObject: {fileID: 0}
  m_PrefabInstance: {fileID: 0}
  m_PrefabAsset: {fileID: 0}
  m_GameObject: {fileID: 6364015998478457354}
  m_Enabled: 1
  m_CastShadows: 0
  m_ReceiveShadows: 0
  m_DynamicOccludee: 1
  m_MotionVectors: 1
  m_LightProbeUsage: 1
  m_ReflectionProbeUsage: 1
  m_RayTracingMode: 0
  m_RayTraceProcedural: 0
  m_RenderingLayerMask: 1
  m_RendererPriority: 0
  m_Materials:
  - {fileID: 2100000, guid: a97c105638bdf8b4a8650670310a4cd3, type: 2}
  m_StaticBatchInfo:
    firstSubMesh: 0
    subMeshCount: 0
  m_StaticBatchRoot: {fileID: 0}
  m_ProbeAnchor: {fileID: 0}
  m_LightProbeVolumeOverride: {fileID: 0}
  m_ScaleInLightmap: 1
  m_ReceiveGI: 1
  m_PreserveUVs: 0
  m_IgnoreNormalsForChartDetection: 0
  m_ImportantGI: 0
  m_StitchLightmapSeams: 1
  m_SelectedEditorRenderState: 0
  m_MinimumChartSize: 4
  m_AutoUVMaxDistance: 0.5
  m_AutoUVMaxAngle: 89
  m_LightmapParameters: {fileID: 0}
  m_SortingLayerID: 0
  m_SortingLayer: 0
  m_SortingOrder: 4
  m_Sprite: {fileID: 21300000, guid: ac7fd86140c87b0469b8ab95b6f783d3, type: 3}
  m_Color: {r: 1, g: 1, b: 1, a: 1}
  m_FlipX: 0
  m_FlipY: 0
  m_DrawMode: 0
  m_Size: {x: 5.12, y: 5.12}
  m_AdaptiveModeThreshold: 0.5
  m_SpriteTileMode: 0
  m_WasSpriteAssigned: 1
  m_MaskInteraction: 0
  m_SpriteSortPoint: 0
